<?xml version="1.0" encoding="UTF-8"?><collection xmlns="http://www.loc.gov/MARC21/slim"><record><leader>00561nam--2200193-i-4500</leader><controlfield tag="001">000001623</controlfield><controlfield tag="002">20161230</controlfield><controlfield tag="005">20161230201024</controlfield><controlfield tag="008">060222s1000------------r-----000-0-ger-d</controlfield><datafield ind1=" " ind2=" " tag="040"><subfield code="a">IFIN-HH</subfield></datafield><datafield ind1=" " ind2=" " tag="041"><subfield code="a">ger</subfield></datafield><datafield ind1=" " ind2=" " tag="080"><subfield code="a">539.125.5</subfield></datafield><datafield ind1="1" ind2=" " tag="100"><subfield code="a">Glaser, Wolfgang</subfield></datafield><datafield ind1="1" ind2="0" tag="245"><subfield code="a">Einfuhrung in die neutronenphysik. introduction to neutron physics</subfield><subfield code="b">Thiemig-taschenbucher band 39</subfield></datafield><datafield ind1=" " ind2=" " tag="260"><subfield code="a">Munchen</subfield><subfield code="b">Verlag Karl Thiemig Kg</subfield><subfield code="c">1972</subfield></datafield><datafield ind1=" " ind2=" " tag="300"><subfield code="a">VIII + 167 P</subfield></datafield><datafield ind1=" " ind2=" " tag="490"><subfield code="a">Thiemig-taschenbucher</subfield><subfield code="v">Band 39</subfield></datafield><datafield ind1=" " ind2=" " tag="852"><subfield code="a">19423</subfield><subfield code="c">539</subfield></datafield><datafield ind1=" " ind2=" " tag="CAT"><subfield code="a">Sys</subfield><subfield code="c">20110929</subfield><subfield code="h">090721</subfield></datafield></record></collection>